<record><leader>00000cas a2200000 a 4500</leader><controlfield tag="001">2257731</controlfield><controlfield tag="008">760620d18081830kyuwr ne      0    0eng  </controlfield><datafield ind1=" " ind2=" " tag="010"><subfield code="a">sn 82016443 </subfield></datafield><datafield ind1=" " ind2=" " tag="040"><subfield code="a">DLC</subfield><subfield code="b">eng</subfield><subfield code="c">PIT</subfield><subfield code="d">DLC</subfield><subfield code="d">NPX</subfield><subfield code="d">NPU</subfield><subfield code="d">NPA</subfield><subfield code="d">KNP</subfield><subfield code="d">NPI</subfield><subfield code="d">KNP</subfield><subfield code="d">NPH</subfield><subfield code="d">YOX</subfield><subfield code="d">KNP</subfield><subfield code="d">HUL</subfield><subfield code="d">NVF</subfield><subfield code="d">MGN</subfield><subfield code="d">CNK</subfield><subfield code="d">KNP</subfield><subfield code="d">NVK</subfield><subfield code="d">OCL</subfield><subfield code="d">OCLCQ</subfield><subfield code="d">OCLCG</subfield><subfield code="d">KRTAS</subfield><subfield code="d">OCLCQ</subfield><subfield code="d">OCLCF</subfield><subfield code="d">OCLCO</subfield></datafield><datafield ind1="1" ind2=" " tag="029"><subfield code="a">AU@</subfield><subfield code="b">000020120817</subfield></datafield><datafield ind1=" " ind2=" " tag="042"><subfield code="a">msc</subfield></datafield><datafield ind1=" " ind2=" " tag="043"><subfield code="a">n-us-ky</subfield></datafield><datafield ind1="0" ind2="0" tag="050"><subfield code="a">Newspaper 7888</subfield></datafield><datafield ind1="0" ind2="4" tag="245"><subfield code="a">The Argus of western America.</subfield></datafield><datafield ind1=" " ind2=" " tag="260"><subfield code="a">Frankfort, Ky. :</subfield><subfield code="b">William Gerard,</subfield><subfield code="c">-1830.</subfield></datafield><datafield ind1=" " ind2=" " tag="300"><subfield code="a">v. ;</subfield><subfield code="c">23-68 cm.</subfield></datafield><datafield ind1=" " ind2=" " tag="310"><subfield code="a">Weekly</subfield></datafield><datafield ind1="1" ind2=" " tag="362"><subfield code="a">Began Jan. 27, 1808.</subfield></datafield><datafield ind1="0" ind2=" " tag="362"><subfield code="a">-v. 24, no. 45 (Dec. 22, 1830).</subfield></datafield><datafield ind1=" " ind2=" " tag="500"><subfield code="a">Publishers: Wm. Gerard &amp; Moses O. Bledsoe, 1808-1809; Wm. Gerard, 1809-&lt;1812&gt;; Gerard &amp; Berry, &lt;1813&gt;-1816; Gerard &amp; Kendall, 1816-1817; Kendall &amp; Russells, 1817-&lt;1821&gt;; Kendall &amp; Russell, &lt;1822&gt;; Kendall, Russell &amp; Meriwether, &lt;1822-1823&gt;; Kendall &amp; Meriwether, 1823; Amos Kendall &amp; Co., 1823-1830; G.E. Russell &amp; Co., 1830; Gervas E. Russell, 1830.</subfield></datafield><datafield ind1=" " ind2=" " tag="500"><subfield code="a">Independent Republican, &lt;1808&gt;; Democratic, &lt;1823&gt;.</subfield></datafield><datafield ind1=" " ind2=" " tag="500"><subfield code="a">Editors: W. Gerard, 1808-1817; M.O. Bledsoe, 1808-1809; A. Kendall, 1816-&lt;1823&gt;; Albert G. Meriwether, 1822-1823; Lewis Sanders, Jr., &lt;1829&gt;; Francis P. Blair, &lt;1829&gt;.</subfield></datafield><datafield ind1=" " ind2=" " tag="530"><subfield code="a">Available on microfilm from the University of Kentucky.</subfield></datafield><datafield ind1=" " ind2=" " tag="588"><subfield code="a">Description based on: Vol. 1, no. 2 (Feb. 3, 1808).</subfield></datafield><datafield ind1=" " ind2="0" tag="651"><subfield code="a">Frankfort (Ky.)</subfield><subfield code="v">Newspapers.</subfield></datafield><datafield ind1=" " ind2="0" tag="651"><subfield code="a">Franklin County (Ky.)</subfield><subfield code="v">Newspapers.</subfield></datafield><datafield ind1=" " ind2="7" tag="655"><subfield code="a">Newspapers.</subfield><subfield code="2">fast</subfield><subfield code="0">(OCoLC)fst01423814</subfield></datafield><datafield ind1=" " ind2="7" tag="651"><subfield code="a">Kentucky</subfield><subfield code="z">Frankfort.</subfield><subfield code="2">fast</subfield><subfield code="0">(OCoLC)fst01209804</subfield></datafield><datafield ind1=" " ind2="7" tag="651"><subfield code="a">Kentucky</subfield><subfield code="z">Franklin County.</subfield><subfield code="2">fast</subfield><subfield code="0">(OCoLC)fst01218114</subfield></datafield><datafield ind1="1" ind2=" " tag="700"><subfield code="a">Gerard, William.</subfield></datafield><datafield ind1="1" ind2=" " tag="700"><subfield code="a">Bledsoe, Moses Owsley.</subfield></datafield><datafield ind1="1" ind2=" " tag="700"><subfield code="a">Berry, Elijah Conway,</subfield><subfield code="d">1781-1849.</subfield></datafield><datafield ind1="1" ind2=" " tag="700"><subfield code="a">Kendall, Amos,</subfield><subfield code="d">1789-1869.</subfield></datafield><datafield ind1="1" ind2=" " tag="700"><subfield code="a">Russell, Gervas E.</subfield></datafield><datafield ind1="1" ind2=" " tag="700"><subfield code="a">Russell, John B.</subfield></datafield><datafield ind1=" " ind2=" " tag="752"><subfield code="a">United States</subfield><subfield code="b">Kentucky</subfield><subfield code="c">Franklin</subfield><subfield code="d">Frankfort.</subfield></datafield><datafield ind1="0" ind2="5" tag="780"><subfield code="t">Kentucky palladium</subfield><subfield code="w">(DLC)sn 82015456</subfield><subfield code="w">(OCoLC)8814413</subfield></datafield><datafield ind1="0" ind2="0" tag="785"><subfield code="t">Frankfort Argus (Frankfort, Ky. : 1830)</subfield><subfield code="w">(DLC)sn 82015448</subfield><subfield code="w">(OCoLC)8813750</subfield></datafield><datafield ind1=" " ind2=" " tag="850"><subfield code="a">MH</subfield></datafield><datafield ind1=" " ind2=" " tag="938"><subfield code="a">Kirtas Technologies, Inc.</subfield><subfield code="b">KRTS</subfield><subfield code="n">734146</subfield></datafield></record>